<record><leader>00000cas a22000007a 4500</leader><controlfield tag="001">11674184</controlfield><controlfield tag="008">850208d18661909wiuwr ne      0    0eng d</controlfield><datafield ind1=" " ind2=" " tag="010"><subfield code="a">sn 85033108 </subfield></datafield><datafield ind1=" " ind2=" " tag="040"><subfield code="a">NPU</subfield><subfield code="b">eng</subfield><subfield code="c">NPU</subfield><subfield code="d">NPV</subfield><subfield code="d">NPX</subfield><subfield code="d">OCLCQ</subfield></datafield><datafield ind1=" " ind2=" " tag="042"><subfield code="a">msc</subfield></datafield><datafield ind1=" " ind2=" " tag="043"><subfield code="a">n-us-wi</subfield></datafield><datafield ind1=" " ind2=" " tag="045"><subfield code="a">w6x0</subfield></datafield><datafield ind1=" " ind2=" " tag="052"><subfield code="a">4123</subfield><subfield code="b">K4</subfield></datafield><datafield ind1="0" ind2="4" tag="245"><subfield code="a">The Kenosha union.</subfield></datafield><datafield ind1=" " ind2=" " tag="260"><subfield code="a">Kenosha, Wis. :</subfield><subfield code="b">I.W. Webster &amp; G. Hutchinson,</subfield><subfield code="c">1866-1909.</subfield></datafield><datafield ind1=" " ind2=" " tag="300"><subfield code="a">v. :</subfield><subfield code="b">ill. ;</subfield><subfield code="c">63 cm.</subfield></datafield><datafield ind1=" " ind2=" " tag="310"><subfield code="a">Weekly</subfield></datafield><datafield ind1="0" ind2=" " tag="362"><subfield code="a">Vol. 1, no. 1 (June 28, 1866)-v. 43, no. 49 (Apr. 30, 1909).</subfield></datafield><datafield ind1=" " ind2=" " tag="500"><subfield code="a">Publisher varies.</subfield></datafield><datafield ind1=" " ind2=" " tag="500"><subfield code="a">"Official paper of the county."</subfield></datafield><datafield ind1=" " ind2=" " tag="500"><subfield code="a">Editor: I.W. Webster, 1866-Aug. 1875.--J.A. Killeen, Sept. 1875-1909.</subfield></datafield><datafield ind1=" " ind2=" " tag="530"><subfield code="a">Available on microfilm from The State Historical Society of Wisconsin.</subfield></datafield><datafield ind1=" " ind2=" " tag="752"><subfield code="a">United States</subfield><subfield code="b">Wisconsin</subfield><subfield code="c">Kenosha</subfield><subfield code="d">Kenosha.</subfield></datafield><datafield ind1="1" ind2=" " tag="029"><subfield code="a">AU@</subfield><subfield code="b">000025834805</subfield></datafield></record>